<?xml version="1.0" encoding="UTF-8"?><collection xmlns="http://www.loc.gov/MARC21/slim"><record><leader>00513nam--2200181-i-4500</leader><controlfield tag="001">000046548</controlfield><controlfield tag="002">20161230</controlfield><controlfield tag="005">20161230201046</controlfield><controlfield tag="008">060222s1000------------r-----000-0-fre-d</controlfield><datafield ind1=" " ind2=" " tag="040"><subfield code="a">IFIN-HH</subfield></datafield><datafield ind1=" " ind2=" " tag="041"><subfield code="a">fre</subfield></datafield><datafield ind1=" " ind2=" " tag="080"><subfield code="a">539.126.34(043)</subfield></datafield><datafield ind1="1" ind2=" " tag="100"><subfield code="a">Vincent,Eric</subfield></datafield><datafield ind1="1" ind2="0" tag="245"><subfield code="a">Mesure de la photoproduction de (pio) sur le noyaux legers au voisinage du seuil</subfield><subfield code="b">These</subfield><subfield code="c">Eric vincent</subfield></datafield><datafield ind1=" " ind2=" " tag="260"><subfield code="a">Orsay</subfield><subfield code="b">Universite De Paris-sud</subfield><subfield code="c">1980</subfield></datafield><datafield ind1=" " ind2=" " tag="300"><subfield code="a">91P</subfield></datafield><datafield ind1=" " ind2=" " tag="852"><subfield code="a">49725</subfield><subfield code="c">539.12</subfield></datafield><datafield ind1=" " ind2=" " tag="CAT"><subfield code="a">Sys</subfield><subfield code="c">20111208</subfield><subfield code="h">131317</subfield></datafield></record></collection>